<record xmlns="http://www.loc.gov/MARC21/slim" xmlns:xsi="http://www.w3.org/2001/XMLSchema-instance" xsi:schemaLocation="http://www.loc.gov/MARC21/slim http://www.loc.gov/standards/marcxml/schema/MARC21slim.xsd"><leader>01759nam a2200337   4500</leader><controlfield tag="001">001686297</controlfield><controlfield tag="003">NNU</controlfield><controlfield tag="006">m        d        </controlfield><controlfield tag="007">cr cn |||m|||a</controlfield><controlfield tag="008">150116s1952    le      o     000 0 ara</controlfield><datafield ind1=" " ind2=" " tag="040"><subfield code="a">NNU</subfield><subfield code="b">eng</subfield><subfield code="c">NNU</subfield></datafield><datafield ind1="0" ind2=" " tag="050"><subfield code="a">BJ1291</subfield><subfield code="b">.M3212</subfield></datafield><datafield ind1=" " ind2=" " tag="066"><subfield code="c">(3</subfield></datafield><datafield ind1=" " ind2=" " tag="090"><subfield code="a">BJ1291</subfield><subfield code="b">.M3212</subfield></datafield><datafield ind1="1" ind2=" " tag="100"><subfield code="6">880-01</subfield><subfield code="a">Maudoodi, Syed Abul &#699;Ala,</subfield><subfield code="d">1903-1979</subfield></datafield><datafield ind1="1" ind2="3" tag="245"><subfield code="6">880-02</subfield><subfield code="a">al-Usus al-akhl&#257;q&#299;yah lil-&#7717;arakah al-Isl&#257;m&#299;yah</subfield><subfield code="h">[electronic resource] /</subfield><subfield code="c">[ta&#700;l&#299;f] Ab&#363; al-A&#699;l&#225; al-Mawd&#363;d&#299;.</subfield></datafield><datafield ind1=" " ind2=" " tag="260"><subfield code="6">880-03</subfield><subfield code="a">Bayr&#363;t :</subfield><subfield code="b">D&#257;r al-Fikr,</subfield><subfield code="c">[al-Muqaddimah 1371 (1952)]</subfield></datafield><datafield ind1=" " ind2=" " tag="300"><subfield code="a">online resource (77 p.)</subfield></datafield><datafield ind1=" " ind2=" " tag="500"><subfield code="a">"Ulqiyat h&#257;dhihi al-khu&#7789;bah f&#299; mu&#700;tamar al-Jam&#257;&#699;ah al-Isl&#257;m&#299;yah al-sanaw&#299; al-mun&#699;aqid f&#299; 31/4/1945 ... wa-nushirat bi-al-Urd&#299;yah ... wa-&#699;uniya bi-ta&#699;r&#299;bih&#257; Mu&#7717;ammad &#699;&#256;&#7779;im al-&#7716;addad."</subfield></datafield><datafield ind1=" " ind2=" " tag="500"><subfield code="a">Part of the Arabic Collections Online (ACO) project, contributed by New York Univeristy Libraries.</subfield></datafield><datafield ind1=" " ind2=" " tag="533"><subfield code="a">Electronic reproduction.</subfield><subfield code="b">New York, N.Y. :</subfield><subfield code="c">New York University,</subfield><subfield code="d">2015.</subfield><subfield code="5">NNU</subfield></datafield><datafield ind1=" " ind2="0" tag="650"><subfield code="a">Islamic ethics.</subfield></datafield><datafield ind1="2" ind2=" " tag="710"><subfield code="a">New York University.</subfield><subfield code="b">Libraries.</subfield></datafield><datafield ind1="0" ind2=" " tag="730"><subfield code="a">Arabic Collections Online.</subfield></datafield><datafield ind1="0" ind2="8" tag="776"><subfield code="i">Print version:</subfield><subfield code="a">Maudoodi, Syed Abul &#699;Ala, 1903-1979 880-01</subfield><subfield code="t">al-Usus al-akhl&#257;q&#299;yah lil-&#7717;arakah al-Isl&#257;m&#299;yah</subfield><subfield code="w">(NNU)001686297</subfield><subfield code="w">(DLC)78960830</subfield></datafield><datafield ind1="4" ind2="0" tag="856"><subfield code="u">http://hdl.handle.net/2333.1/9ghx3hq7</subfield></datafield><datafield ind1="1" ind2=" " tag="880"><subfield code="6">100-01/</subfield><subfield code="a">&#1605;&#1608;&#1583;&#1608;&#1583;&#1610;&#1548; &#1571;&#1576;&#1608; &#1575;&#1604;&#1571;&#1593;&#1604;&#1609;.</subfield></datafield><datafield ind1="1" ind2="2" tag="880"><subfield code="6">245-02/</subfield><subfield code="a">&#1575;&#1604;&#1571;&#1587;&#1587; &#1575;&#1604;&#1571;&#1582;&#1604;&#1575;&#1602;&#1610;&#1577; &#1604;&#1604;&#1581;&#1585;&#1603;&#1577; &#1575;&#1604;&#1573;&#1587;&#1604;&#1575;&#1605;&#1610;&#1577; /</subfield><subfield code="c">[&#1578;&#1571;&#1604;&#1610;&#1601;] &#1571;&#1576;&#1608; &#1575;&#1604;&#1571;&#1593;&#1604;&#1609; &#1575;&#1604;&#1605;&#1608;&#1583;&#1608;&#1583;&#1610;.</subfield></datafield><datafield ind1=" " ind2=" " tag="880"><subfield code="6">260-03/</subfield><subfield code="a">&#1576;&#1610;&#1585;&#1608;&#1578; :</subfield><subfield code="b">&#1583;&#1575;&#1585; &#1575;&#1604;&#1601;&#1603;&#1585;&#1548;</subfield><subfield code="c">[&#1575;&#1604;&#1605;&#1602;&#1583;&#1605;&#1577; 1371 (1952)]</subfield></datafield><datafield ind1=" " ind2=" " tag="959"><subfield code="a">NNU</subfield><subfield code="b">WEB</subfield><subfield code="c">GENI</subfield><subfield code="t">0</subfield><subfield code="m">Electronic access</subfield><subfield code="s">01</subfield></datafield><datafield ind1=" " ind2=" " tag="999"><subfield code="i">NNU_001686297</subfield><subfield code="o" /></datafield></record>